{
  "leader": "02731cam a2200541 i 4500",
  "fields": [
    {
      "001": "ocm01128386\\"
    },
    {
      "003": "OCoLC"
    },
    {
      "005": "20221212155936.0"
    },
    {
      "008": "750506s1974\\\\\\\\nyuaf\\\\j\\\\\\\\\\\\000\\f\\eng\\\\"
    },
    {
      "010": {
        "ind1": "\\",
        "ind2": "\\",
        "subfields": [
          {
            "a": "   74076747 "
          }
        ]
      }
    },
    {
      "040": {
        "ind1": "\\",
        "ind2": "\\",
        "subfields": [
          {
            "a": "DLC"
          },
          {
            "b": "eng"
          },
          {
            "e": "rda"
          },
          {
            "c": "DLC"
          },
          {
            "d": "BTCTA"
          },
          {
            "d": "OCLCG"
          },
          {
            "d": "GK8"
          },
          {
            "d": "OCLCO"
          },
          {
            "d": "OCLCA"
          },
          {
            "d": "OCLCF"
          },
          {
            "d": "OCLCQ"
          },
          {
            "d": "OCLCO"
          },
          {
            "d": "PRN"
          },
          {
            "d": "DML"
          },
          {
            "d": "ALABM"
          },
          {
            "d": "OCLCQ"
          },
          {
            "d": "OCLCA"
          },
          {
            "d": "CDS"
          },
          {
            "d": "GILDS"
          },
          {
            "d": "OCLCO"
          },
          {
            "d": "OCLCQ"
          },
          {
            "d": "OCLCO"
          }
        ]
      }
    },
    {
      "020": {
        "ind1": "\\",
        "ind2": "\\",
        "subfields": [
          {
            "a": "0912882093"
          }
        ]
      }
    },
    {
      "020": {
        "ind1": "\\",
        "ind2": "\\",
        "subfields": [
          {
            "a": "9780912882093"
          }
        ]
      }
    },
    {
      "035": {
        "ind1": "\\",
        "ind2": "\\",
        "subfields": [
          {
            "a": "(OCoLC)1128386"
          }
        ]
      }
    },
    {
      "042": {
        "ind1": "\\",
        "ind2": "\\",
        "subfields": [
          {
            "a": "lcac"
          }
        ]
      }
    },
    {
      "043": {
        "ind1": "\\",
        "ind2": "\\",
        "subfields": [
          {
            "a": "n-us-ny"
          },
          {
            "a": "n-us-nj"
          }
        ]
      }
    },
    {
      "050": {
        "ind1": "0",
        "ind2": "0",
        "subfields": [
          {
            "a": "PS2068"
          },
          {
            "b": ".A1 1974"
          }
        ]
      }
    },
    {
      "082": {
        "ind1": "0",
        "ind2": "0",
        "subfields": [
          {
            "a": "813.2"
          },
          {
            "b": "IRV"
          }
        ]
      }
    },
    {
      "100": {
        "ind1": "1",
        "ind2": "\\",
        "subfields": [
          {
            "a": "Irving, Washington,"
          },
          {
            "d": "1783-1859,"
          },
          {
            "e": "author,"
          },
          {
            "e": "creator."
          }
        ]
      }
    },
    {
      "245": {
        "ind1": "1",
        "ind2": "0",
        "subfields": [
          {
            "a": "Rip Van Winkle & the legend of Sleepy Hollow /"
          },
          {
            "c": "by Washington Irving ; including an introduction by Haskell Springer and illustrations based on those designed and etched by Felix O.C. Darley."
          }
        ]
      }
    },
    {
      "264": {
        "ind1": "\\",
        "ind2": "1",
        "subfields": [
          {
            "a": "Tarrytown, N.Y. :"
          },
          {
            "b": "Sleepy Hollow Restorations,"
          },
          {
            "c": "[1974]"
          }
        ]
      }
    },
    {
      "264": {
        "ind1": "\\",
        "ind2": "4",
        "subfields": [
          {
            "c": "\u00a91974"
          }
        ]
      }
    },
    {
      "300": {
        "ind1": "\\",
        "ind2": "\\",
        "subfields": [
          {
            "a": "128 pages, 12 unnumbered leaves of plates :"
          },
          {
            "b": "color illustrations ;"
          },
          {
            "c": "22 x 28 cm"
          }
        ]
      }
    },
    {
      "336": {
        "ind1": "\\",
        "ind2": "\\",
        "subfields": [
          {
            "a": "text"
          },
          {
            "b": "txt"
          },
          {
            "2": "rdacontent"
          }
        ]
      }
    },
    {
      "337": {
        "ind1": "\\",
        "ind2": "\\",
        "subfields": [
          {
            "a": "unmediated"
          },
          {
            "b": "n"
          },
          {
            "2": "rdamedia"
          }
        ]
      }
    },
    {
      "338": {
        "ind1": "\\",
        "ind2": "\\",
        "subfields": [
          {
            "a": "volume"
          },
          {
            "b": "nc"
          },
          {
            "2": "rdacarrier"
          }
        ]
      }
    },
    {
      "500": {
        "ind1": "\\",
        "ind2": "\\",
        "subfields": [
          {
            "a": "\"A Sleepy Hollow Restorations Book.\""
          }
        ]
      }
    },
    {
      "500": {
        "ind1": "\\",
        "ind2": "\\",
        "subfields": [
          {
            "a": "\"The text for this edition is based upon the author's revised edition of 1848\"--Title page verso."
          }
        ]
      }
    },
    {
      "500": {
        "ind1": "\\",
        "ind2": "\\",
        "subfields": [
          {
            "a": "Illustrations for The legend of Sleepy Hollow colored by Fritz Kredel."
          }
        ]
      }
    },
    {
      "520": {
        "ind1": "\\",
        "ind2": "\\",
        "subfields": [
          {
            "a": "Two stories from the Catskill Mountains: one featuring a man who sleeps for twenty years, waking to a much-changed world and the other, a superstitious schoolmaster who encounters a headless horseman."
          }
        ]
      }
    },
    {
      "650": {
        "ind1": "\\",
        "ind2": "0",
        "subfields": [
          {
            "a": "Van Winkle, Rip (Fictitious character)"
          },
          {
            "v": "Fiction."
          }
        ]
      }
    },
    {
      "651": {
        "ind1": "\\",
        "ind2": "0",
        "subfields": [
          {
            "a": "Catskill Mountains Region (N.Y.)"
          },
          {
            "v": "Fiction."
          }
        ]
      }
    },
    {
      "650": {
        "ind1": "\\",
        "ind2": "0",
        "subfields": [
          {
            "a": "Fantasy fiction, American."
          }
        ]
      }
    },
    {
      "650": {
        "ind1": "\\",
        "ind2": "7",
        "subfields": [
          {
            "a": "Fantasy fiction, American."
          },
          {
            "2": "fast"
          },
          {
            "0": "(OCoLC)fst00920725"
          }
        ]
      }
    },
    {
      "650": {
        "ind1": "\\",
        "ind2": "7",
        "subfields": [
          {
            "a": "Van Winkle, Rip (Fictitious character)"
          },
          {
            "2": "fast"
          },
          {
            "0": "(OCoLC)fst01163989"
          }
        ]
      }
    },
    {
      "651": {
        "ind1": "\\",
        "ind2": "7",
        "subfields": [
          {
            "a": "New York (State)"
          },
          {
            "z": "Catskill Mountains Region."
          },
          {
            "2": "fast"
          },
          {
            "0": "(OCoLC)fst01347973"
          }
        ]
      }
    },
    {
      "655": {
        "ind1": "\\",
        "ind2": "7",
        "subfields": [
          {
            "a": "Fiction."
          },
          {
            "2": "fast"
          },
          {
            "0": "(OCoLC)fst01423787"
          }
        ]
      }
    },
    {
      "655": {
        "ind1": "\\",
        "ind2": "7",
        "subfields": [
          {
            "a": "Fiction."
          },
          {
            "2": "lcgft"
          }
        ]
      }
    },
    {
      "700": {
        "ind1": "1",
        "ind2": "\\",
        "subfields": [
          {
            "a": "Darley, Felix Octavius Carr,"
          },
          {
            "d": "1822-1888,"
          },
          {
            "e": "illustrator."
          }
        ]
      }
    },
    {
      "700": {
        "ind1": "1",
        "ind2": "\\",
        "subfields": [
          {
            "a": "Kredel, Fritz,"
          },
          {
            "d": "1900-1973,"
          },
          {
            "e": "illustrator."
          }
        ]
      }
    },
    {
      "700": {
        "ind1": "1",
        "ind2": "\\",
        "subfields": [
          {
            "a": "Springer, Haskell S.,"
          },
          {
            "e": "writer of introduction."
          }
        ]
      }
    },
    {
      "700": {
        "ind1": "1",
        "ind2": "2",
        "subfields": [
          {
            "a": "Irving, Washington,"
          },
          {
            "d": "1783-1859."
          },
          {
            "t": "Legend of Sleepy Hollow."
          }
        ]
      }
    },
    {
      "740": {
        "ind1": "0",
        "ind2": "2",
        "subfields": [
          {
            "a": "Legend of Sleepy Hollow."
          }
        ]
      }
    },
    {
      "776": {
        "ind1": "0",
        "ind2": "8",
        "subfields": [
          {
            "i": "Online version:"
          },
          {
            "a": "Irving, Washington, 1783-1859."
          },
          {
            "t": "Rip Van Winkle & The legend of Sleepy Hollow."
          },
          {
            "d": "Tarrytown, N.Y. : Sleepy Hollow Restorations, inc., [1974]"
          },
          {
            "w": "(OCoLC)734950362"
          }
        ]
      }
    },
    {
      "994": {
        "ind1": "\\",
        "ind2": "\\",
        "subfields": [
          {
            "a": "Z0"
          },
          {
            "b": "NYRVC"
          }
        ]
      }
    },
    {
      "948": {
        "ind1": "\\",
        "ind2": "\\",
        "subfields": [
          {
            "h": "NO HOLDINGS IN NYRVC - 421 OTHER HOLDINGS"
          }
        ]
      }
    },
    {
      "999": {
        "ind1": "\\",
        "ind2": "\\",
        "subfields": [
          {
            "a": "00000000010063"
          },
          {
            "b": "Copy 1"
          }
        ]
      }
    },
    {
      "999": {
        "ind1": "\\",
        "ind2": "\\",
        "subfields": [
          {
            "a": "00000000010059"
          },
          {
            "b": "Copy 2"
          }
        ]
      }
    }
  ]
}